<?xml version="1.0" encoding="UTF-8"?>
<record xmlns="http://www.loc.gov/MARC21/slim">
   <leader>00600cam a22001695  4500</leader>
   <controlfield tag="001">1444081</controlfield>
   <controlfield tag="003">NjP</controlfield>
   <controlfield tag="005">20171108094259.0</controlfield>
   <controlfield tag="008">000110s1957    ir            000 0 ara d</controlfield>
   <datafield tag="024" ind1="7" ind2=" ">
      <subfield code="a">princeton_aco004385</subfield>
      <subfield code="2">local</subfield>
   </datafield>
   <datafield ind1=" " ind2=" " tag="035">
      <subfield code="a">(OCoLC)ocm43244258</subfield>
   </datafield>
   <datafield ind1=" " ind2=" " tag="035">
      <subfield code="9">CEJ8899TS</subfield>
   </datafield>
   <datafield ind1=" " ind2=" " tag="040">
      <subfield code="a">PUL</subfield>
      <subfield code="c">PUL</subfield>
   </datafield>
   <datafield ind1="0" ind2=" " tag="130">
      <subfield code="a">Koran.</subfield>
      <subfield code="l">Persian &amp; Arabic.</subfield>
      <subfield code="0">http://id.loc.gov/authorities/names/n79046204</subfield>
   </datafield>
   <datafield ind1="0" ind2="0" tag="245">
      <subfield code="a">Qurʾān-i karīm bā tarjumah va-tafsīr-i fārsī va khavāṣṣ-i suvar va āyāt va tajvīd ...</subfield>
   </datafield>
   <datafield ind1=" " ind2=" " tag="260">
      <subfield code="a">Tehran,</subfield>
      <subfield code="b">Kitābfurūshī-yi ʻilmīyah-yi Islāmīyah,</subfield>
      <subfield code="c">1377 [1957]</subfield>
   </datafield>
   <datafield ind1=" " ind2=" " tag="300">
      <subfield code="a">375 p.</subfield>
      <subfield code="c">23 cm.</subfield>
   </datafield>
   <datafield ind1=" " ind2=" " tag="947">
      <subfield code="a">CEJ8899</subfield>
   </datafield>
   <datafield ind1=" " ind2=" " tag="911">
      <subfield code="a">20000402</subfield>
   </datafield>
   <datafield ind1="8" ind2="0" tag="852">
      <subfield code="0">1656076</subfield>
      <subfield code="b">rcppa</subfield>
      <subfield code="t">0</subfield>
      <subfield code="h">2273.1957.2</subfield>
      <subfield code="x">tr fr f</subfield>
   </datafield>
   <datafield ind1=" " ind2=" " tag="959">
      <subfield code="a">2000-06-13 00:00:00 -0500</subfield>
   </datafield>
</record>
